
@article{taylor2016_crspectrumsuperposition,
  doi       = {10.1038/531043a},
  url       = {https://doi.org/10.1038/531043a},
  year      = {2016},
  month     = mar,
  publisher = {Springer Science and Business Media {LLC}},
  volume    = {531},
  number    = {7592},
  pages     = {43--44},
  author    = {Andrew M. Taylor},
  title     = {Cosmic rays beyond the knees},
  journal   = {Nature}
}

@article{AMS02pr2015,
  author   = {{Aguilar}, M. and {Aisa}, D. and {Alpat}, B. and {Alvino}, A. and 
	{Ambrosi}, G. and {Andeen}, K. and {Arruda}, L. and {Attig}, N. and 
	{Azzarello}, P. and {Bachlechner}, A. and et al.},
  title    = {{Precision Measurement of the Proton Flux in Primary Cosmic Rays from Rigidity 1 GV to 1.8 TV with the Alpha Magnetic Spectrometer on the International Space Station}},
  journal  = {Physical Review Letters},
  keywords = {Cosmic rays, Neutrino muon pion and other elementary particle detectors, cosmic ray detectors, Neutrino muon pion and other elementary particles, cosmic rays, Composition energy spectra and interactions},
  year     = 2015,
  month    = may,
  volume   = 114,
  number   = 17,
  eid      = {171103},
  pages    = {171103},
  doi      = {10.1103/PhysRevLett.114.171103},
  adsurl   = {http://adsabs.harvard.edu/abs/2015PhRvL.114q1103A},
  adsnote  = {Provided by the SAO/NASA Astrophysics Data System}
}

@article{adriani2011pamela,
  title     = {PAMELA measurements of cosmic-ray proton and helium spectra},
  author    = {Adriani, O and Barbarino, GC and Bazilevskaya, GA and Bellotti, R and Boezio, M and Bogomolov, EA and Bonechi, L and Bongi, M and Bonvicini, V and Borisov, S and others},
  journal   = {Science},
  volume    = {332},
  number    = {6025},
  pages     = {69--72},
  year      = {2011},
  publisher = {American Association for the Advancement of Science}
}

@article{WAtwater,
  title     = {Meson Multiplicity versus Energy in Relativistic Nucleus-Nucleus Collisions},
  author    = {Atwater, Thomas W. and Freier, Phyllis S.},
  journal   = {Phys. Rev. Lett.},
  volume    = {56},
  issue     = {13},
  pages     = {1350--1353},
  numpages  = {0},
  year      = {1986},
  month     = {Mar},
  publisher = {American Physical Society},
  doi       = {10.1103/PhysRevLett.56.1350}
}

@article{FermiEarth14,
  author        = {{Ackermann}, M. and others},
  title         = {{Inferred Cosmic-Ray Spectrum from Fermi Large Area Telescope {$\gamma$}-Ray Observations of Earth's Limb}},
  journal       = {Physical Review Letters},
  archiveprefix = {arXiv},
  eprint        = {1403.5372},
  primaryclass  = {astro-ph.HE},
  keywords      = {Composition energy spectra and interactions, gamma-ray, Neutrino muon pion and other elementary particles, cosmic rays, Cosmic rays},
  year          = 2014,
  month         = apr,
  volume        = 112,
  number        = 15,
  eid           = {151103},
  pages         = {151103},
  doi           = {10.1103/PhysRevLett.112.151103},
  adsurl        = {http://adsabs.harvard.edu/abs/2014PhRvL.112o1103A},
  adsnote       = {Provided by the SAO/NASA Astrophysics Data System}
}

@article{K&Omodel,
  title     = {Deriving the cosmic ray spectrum from gamma-ray observations},
  author    = {Kachelriess, M. and Ostapchenko, S.},
  journal   = {Phys. Rev. D},
  volume    = {86},
  issue     = {4},
  pages     = {043004},
  numpages  = {8},
  year      = {2012},
  month     = {Aug},
  publisher = {American Physical Society},
  doi       = {10.1103/PhysRevD.86.043004},
  url       = {https://link.aps.org/doi/10.1103/PhysRevD.86.043004}
}