%% LaTeX2e file `slide_progress.bib'
%% generated by the `filecontents' environment
%% from source `slide_progress' on 2021/06/05.
%%

  @article{taylor2016_crspectrumsuperposition,
  doi       = {10.1038/531043a},
  url       = {https://doi.org/10.1038/531043a},
  year      = {2016},
  month     = mar,
  publisher = {Springer Science and Business Media {LLC}},
  volume    = {531},
  number    = {7592},
  pages     = {43--44},
  author    = {Andrew M. Taylor},
  title     = {Cosmic rays beyond the knees},
  journal   = {Nature}
}
  
