@STRING{AB = {Ann.\ Bot.}}
@STRING{ACM = {Adv.\ Comput.\ Math.}}
@STRING{AF = {Ark. Fys.} }
@STRING{AJ = {Astron. \ J.}}                         % Astronomical Journal
@STRING{AJP = {Am.\ J. \ Phys.}}
@STRING{AMC = {Appl.\ Math.\ Comput.}}
@STRING{AMM = {Amer.\ Math.\ Monthly}}
@STRING{ANGP = {Ann.\ Geophys.}}   %Annual Geophysics
@STRING{APJ = {Astrophys.\ J.}}                  % Astrophysical Journal
@STRING{APJL = {Astrophys.\ J.\ Lett.}}                 % Astrophysical Journal, Letters
@STRING{APJS = {Astrophys.\ J.\ Supp.}}                % Astrophysical Journal,Supplement
@STRING{APL = {Appl.\ Phys.\ Lett.}}
@STRING{ARAA = {Annual Rev. of Astron. \& Astrophys.}}   % Annual Review of Astron andAstrophys
@STRING{APPA = {Acta Phys.\ Polon.\ A}}
@STRING{APSS = {Astrophys.\ Space \ Sci.}}   %Astrophysics Space Science
@STRING{ASR =  {Adv.\ in \ Space.\ Res.}}   %Advance Space Research
@STRING{BMB = {Bull.\ Math.\ Biol.}}
@STRING{CHINP = {Chin.\ Phys.}}
@STRING{CHINPL = {Chin.\ Phys.\ Lett.}}
@STRING{CANJP = {Can.\ J. Phys.}}
@STRING{CMA = {Computers Math.\ Applic.}}
@STRING{CMAME = {Comp.\ Meth.\ Appl.\ Mech.\ Eng.}}
@STRING{CPAM = {Comm.\ Pure Appl.\ Math.}}
@STRING{CPC = {Comput.\ Phys.\ Commun.}}
@STRING{CPL = {Chem.\ Phys.\ Lett.}}
@STRING{CPP = {Contrib.\ Plasma Phys.}}
@STRING{CSF = {Chaos, Solitons \& Fractals}}
@STRING{CZJP = {Czech.\ J. Phys.}}
@STRING{EJP = {Eur.\ J. Phys.}}
@STRING{EM = {Eco.\ Model.}}
@STRING{EPL = {Europhys.\ Lett.}}
@STRING{EPJ = {Eur.\ Phys.\ J.}}
@STRING{EPJB = {Eur.\ Phys.\ J. B}}
@STRING{EPJD = {Eur.\ Phys.\ J. D}}
@STRING{FAA = {Funct.\ Anal.\ Appl.}}
@STRING{GRL =  {Geophys.~Res.\ Lett.}} %Geophysics Research Letters
@STRING{IJBC = {Int.\ J. Bifurc.\ Chaos}}
@STRING{IJMPC = {Int.\ J. Mod.\ Phys. C}}
@STRING{IJMPE = {Int.\ J. Mod.\ Phys. E}}
@STRING{IJNLM = {Int.\ J. Nonlinear Mech.}}
@STRING{IJNSNS = {Int.\ J. Nonlinear Sci.\ Numer.\ Simul.}}
@STRING{IJQC = {Int.\ J. Quant.\ Chem.}}
@STRING{IP = {Inverse Problems}}
@STRING{JACS = {J. Am.\ Chem.\ Soc.}}
@STRING{JASA = {J. Acoust.\ Soc.\ Am.}}
@STRING{JBP = {J. Biol.\ Phys.}}
@STRING{JCHEMP = {J. Chem.\ Phys.}}
@STRING{JCRL = {J. Comm. Res. Lab.}}    %Journal of Communication Research
@STRING{JCP = {J. Comput.\ Phys.}}
@STRING{JDSMC = {J. Dyn.\ Syst., Meas., Control}}
@STRING{JETP = {Soviet Phys.\ JETP}}
@STRING{JETPL = {JETP Lett.}}
@STRING{JFM = {J. Fluid Mech.}}
@STRING{JGR = {J. Geophys.\ Res.}}
@STRING{JIMA = {J. Inst.\ Math.\ Appl.}}
@STRING{JKPS = {J. Korean Phys.\ Soc.}}
@STRING{JMFM = {J. Math.\ Fluid Mech.}}
@STRING{JMAA = {J. Math.\ Anal.\ Appl.}}
@STRING{JMP = {J. Math.\ Phys.}}
@STRING{JNEUR = {J. Neurosci.}}
@STRING{JNS = {J. Nonlin.\ Sci.}}
@STRING{JPA = {J. Phys.\ A: Math.\ Gen.}}
@STRING{JPCHEM = {J. Phys.\ Chem.}}
@STRING{JPCM = {J. Phys.\ Cond.\ Matt.}}
@STRING{JPP = {J. Plasma Phys.}}
@STRING{JPSJ = {J. Phys.\ Soc.\ Japan}}
@STRING{JSC = {J. Symb.\ Comp.}}
@STRING{JTB = {J. Theor.\ Biol.}}
@STRING{MB = {Math.\ Biosci.}}
@STRING{MMAS = {Math.\ Meth.\ Appl.\ Sci.}}
@STRING{MNRAS = {Monthly Notices of the RAS}}
@STRING{MRC = {Mech.\ Res.\ Commun.}}
%@STRING{NAT = {Nature}}
@STRING{NFS = {Nucl.\ Fusion \ Suppl.}}
@STRING{NJP = {New J. Phys.}}
@STRING{NPB = {Nucl.\ Phys.\ B}}
@STRING{NPG = {Nonlin.\ Proc.\ Geophys.}}
@STRING{OL = {Opt.\ Lett.}}
@STRING{PCCP = {Phys.\ Chem.\ Chem.\ Phys.}}
@STRING{PF = {Phys.\ Fluids}}
@STRING{PIMNASU = {Proc.\ Inst.\ Math.\ NAS Ukraine}}
@STRING{PL = {Phys.\ Lett.}}
@STRING{PLA = {Phys.\ Lett. A}}
@STRING{PLANSS = {Planet.~Space \ Sci.}}   %Planetary Space Science
@STRING{PP = {Phys.\ Plasmas}}
@STRING{PPCF = {Plasma Phys.\ Control.\ Fusion}}
@STRING{PPHYS = {Plasma Phys.}}
@STRING{PR = {Phys.\ Rev.}}
@STRING{PRA = {Phys.\ Rev.\ A}}
@STRING{PRB = {Phys.\ Rev.\ B}}
@STRING{PRC = {Phys.\ Rev.\ C}}
@STRING{PRD = {Phys.\ Rev.\ D}}
@STRING{PRE = {Phys.\ Rev.\ E}}
@STRING{PREP = {Phys.\ Rep.}}
@STRING{PRL = {Phys.\ Rev.\ Lett.}}
@STRING{PRS = {Proc.\ R. Soc.\ London }}
@STRING{PS = {Physica Scripta}}
@STRING{PSS = {Planet.\ Space Sci.}}
@STRING{PTP = {Prog.\ Theor.\ Phys.}}
@STRING{PTRS = {Phil.\ Trans.\ R. Soc.\ London }}
@STRING{REPMP = {Rep.\ Math.\ Phys.}}
@STRING{RGS = {Revs. \ Geophys. (Suppl.)}}
@STRING{RMP = {Rev.\ Mod.\ Phys.}}
@STRING{RPP = {Rep.\ Prog.\ Phys.}}
@STRING{SAM = {Stud.\ Appl.\ Math.}}
@STRING{SIADS = {SIAM J. Appl.\ Dyn.\ Sys.}}
@STRING{SIMA = {SIAM J. Math.\ Anal.}}
@STRING{SOLPHYS = {Sol. \ Phys.}}   %Solar Physics
@STRING{SOVAST = {Soviet\ Ast.}}   %Soviet Astronomy
@STRING{SPD = {Sov.\ Phys.\ Dokl.}}
@STRING{SSR =  {Space~Sci. \ Rev.}}    %Space Science Reviews
@STRING{ZPB = {Z. Physik B}}
@STRING{CUP = {Cambridge University Press}}
@STRING{OUP = {Oxford University Press}}
@STRING{AW = {Addison Wesley}}
