@inproceedings{atic2002,
  author    = {{Isbert}, J. and {Case}, G. and {Granger}, D. and {Guzik}, T.~G. and {Price}, B. and {Stewart}, M. and {Wefel}, J.~P. and {Adams}, J.~H. and {Christl}, M. and {Ahn}, H.~S. and {Ganel}, O. and {Kim}, K.~C. and {Naqvi}, S.~A. and {Seo}, E.~S. and {Sina}, R. and {Wang}, J.~Z. and {Wu}, J. and {Fazely}, A.~R. and {Gunasingha}, R. and {Han}, Y.~J. and {Kim}, H.~J. and {Kim}, S.~K. and {Bashindzhagyan}, G. and {Kouznetsov}, E. and {Panasyuk}, M. and {Panov}, A. and {Samsonov}, G. and {Sokolskaya}, N. and {Voronin}, A. and {Zatsepin}, V. and {Chang}, J. and {Schmidt}, W.~K.~H.},
  title     = {{Atic, a Balloon Borne Calorimeter for Cosmic Ray Measurements}},
  booktitle = {CALORIMETRY IN PARTICLE PHYSICS. Proceedings of the Tenth International Conference. Held 25-29 March 2002 in Pasadena},
  year      = 2002,
  month     = jan,
  pages     = {89-94},
  doi       = {10.1142/9789812704894\_0007},
  adsurl    = {https://ui.adsabs.harvard.edu/abs/2002cpp..conf...89I},
  adsnote   = {Provided by the SAO/NASA Astrophysics Data System}
}


@article{cream2004,
  title    = {Cosmic-ray energetics and mass (CREAM) balloon project},
  journal  = {Advances in Space Research},
  volume   = {33},
  number   = {10},
  pages    = {1777-1785},
  year     = {2004},
  note     = {The Next Generation in Scientific Ballooning},
  issn     = {0273-1177},
  doi      = {https://doi.org/10.1016/j.asr.2003.05.019},
  url      = {https://www.sciencedirect.com/science/article/pii/S027311770301158X},
  author   = {E.S. Seo and H.S. Ahn and J.J. Beatty and S. Coutu and M.J. Choi and M.A. DuVernois and O. Ganel and T.G. Kang and K.C. Kim and M.H. Lee and L. Lutz and P.S. Marrocchesi and S. Minnick and K.W. Min and S. Nutter and H. Park and I.H. Park and E. Schindhelm and R. Sina and S. Swordy and J. Wu and J. Yang},
  keywords = {Scientfic balloon payloads, CREAM, Cosmic-ray measurements, Particle detectors},
  abstract = {The cosmic-ray energetics and mass (CREAM) investigation is designed to measure cosmic-ray composition to the supernova energy scale of 1015 eV in a series of ultra long duration balloon (ULDB) flights. The first flight is planned to be launched from Antarctica in December 2004. The goal is to observe cosmic-ray spectral features and/or abundance changes that might signify a limit to supernova acceleration. The particle charge (Z) measurements will be made with a timing-based charge detector and a pixelated silicon charge detector to minimize the effect of backscatter from the calorimeter. The particle energy measurements will be made with a transition radiation detector (TRD) for Z>3 and a sampling tungsten/scintillator calorimeter for Zâ©¾1 particles, allowing inflight cross calibration of the two detectors. The status of the payload construction and flight preparation are reported in this paper.}
}

@misc{lat_p8_performance,
  author       = {Simone Maldera},
  title        = {Fermi-LAT  Performance,},
  year         = 2019,
  howpublished = {\url{https://www.slac.stanford.edu/exp/glast/groups/canda/lat_Performance.htm}},
  note         = {Accessed: 2021-04-19}
}


@inproceedings{pso_optimize,
  author    = {J. {Kennedy} and R. {Eberhart}},
  booktitle = {Proc. of ICNN'95 - Int. Conf. on Neural Networks},
  title     = {Particle swarm optimization},
  address   = {Perth, WA, Australia},
  year      = {1995},
  volume    = {4},
  number    = {},
  pages     = {1942}
}

@article{Wilks1938,
  author    = {Wilks, S. S.},
  doi       = {10.1214/aoms/1177732360},
  fjournal  = {The Annals of Mathematical Statistics},
  journal   = {Ann. Math. Statist.},
  month     = {03},
  number    = {1},
  pages     = {60--62},
  publisher = {The Institute of Mathematical Statistics},
  title     = {The Large-Sample Distribution of the Likelihood Ratio for Testing Composite Hypotheses},
  url       = {https://doi.org/10.1214/aoms/1177732360},
  volume    = {9},
  year      = {1938}
}
% Huelsenbeck's ratio test
@article{Huelsenbeck,
  author  = {Huelsenbeck, John P. and Crandall, Keith A.},
  title   = {Phylogeny Estimation and Hypothesis Testing Using Maximum Likelihood},
  journal = {Annual Review of Ecology and Systematics},
  volume  = {28},
  number  = {1},
  pages   = {437-466},
  year    = {1997},
  doi     = {10.1146/annurev.ecolsys.28.1.437},
  url     = {https://doi.org/10.1146/annurev.ecolsys.28.1.437}
}

@article{AMS-02Helium,
  title         = {Precision Measurement of the Helium Flux in Primary Cosmic Rays of Rigidities 1.9 GV to 3 TV with the Alpha Magnetic Spectrometer on the International Space Station},
  author        = {Aguilar, M. and Aisa, D. and Alpat, B. and Alvino, A. and Ambrosi, G. and Andeen, K. and Arruda, L. and Attig, N. and Azzarello, P. and Bachlechner, A. and Barao, F. and Barrau, A. and Barrin, L. and Bartoloni, A. and Basara, L. and Battarbee, M. and Battiston, R. and Bazo, J. and Becker, U. and Behlmann, M. and Beischer, B. and Berdugo, J. and Bertucci, B. and Bindi, V. and Bizzaglia, S. and Bizzarri, M. and Boella, G. and de Boer, W. and Bollweg, K. and Bonnivard, V. and Borgia, B. and Borsini, S. and Boschini, M. J. and Bourquin, M. and Burger, J. and Cadoux, F. and Cai, X. D. and Capell, M. and Caroff, S. and Casaus, J. and Castellini, G. and Cernuda, I. and Cerreta, D. and Cervelli, F. and Chae, M. J. and Chang, Y. H. and Chen, A. I. and Chen, G. M. and Chen, H. and Chen, H. S. and Cheng, L. and Chou, H. Y. and Choumilov, E. and Choutko, V. and Chung, C. H. and Clark, C. and Clavero, R. and Coignet, G. and Consolandi, C. and Contin, A. and Corti, C. and Gil, E. Cortina and Coste, B. and Creus, W. and Crispoltoni, M. and Cui, Z. and Dai, Y. M. and Delgado, C. and Della Torre, S. and Demirk\"oz, M. B. and Derome, L. and Di Falco, S. and Di Masso, L. and Dimiccoli, F. and D\'{\i}az, C. and von Doetinchem, P. and Donnini, F. and Duranti, M. and D'Urso, D. and Egorov, A. and Eline, A. and Eppling, F. J. and Eronen, T. and Fan, Y. Y. and Farnesini, L. and Feng, J. and Fiandrini, E. and Fiasson, A. and Finch, E. and Fisher, P. and Formato, V. and Galaktionov, Y. and Gallucci, G. and Garc\'{\i}a, B. and Garc\'{\i}a-L\'opez, R. and Gargiulo, C. and Gast, H. and Gebauer, I. and Gervasi, M. and Ghelfi, A. and Giovacchini, F. and Goglov, P. and Gong, J. and Goy, C. and Grabski, V. and Grandi, D. and Graziani, M. and Guandalini, C. and Guerri, I. and Guo, K. H. and Haas, D. and Habiby, M. and Haino, S. and Han, K. C. and He, Z. H. and Heil, M. and Hoffman, J. and Hsieh, T. H. and Huang, Z. C. and Huh, C. and Incagli, M. and Ionica, M. and Jang, W. Y. and Jinchi, H. and Kanishev, K. and Kim, G. N. and Kim, K. S. and Kirn, Th. and Korkmaz, M. A. and Kossakowski, R. and Kounina, O. and Kounine, A. and Koutsenko, V. and Krafczyk, M. S. and La Vacca, G. and Laudi, E. and Laurenti, G. and Lazzizzera, I. and Lebedev, A. and Lee, H. T. and Lee, S. C. and Leluc, C. and Li, H. L. and Li, J. Q. and Li, J. Q. and Li, Q. and Li, Q. and Li, T. X. and Li, W. and Li, Y. and Li, Z. H. and Li, Z. Y. and Lim, S. and Lin, C. H. and Lipari, P. and Lippert, T. and Liu, D. and Liu, H. and Liu, Hu and Lolli, M. and Lomtadze, T. and Lu, M. J. and Lu, S. Q. and Lu, Y. S. and Luebelsmeyer, K. and Luo, F. and Luo, J. Z. and Lv, S. S. and Majka, R. and Ma\~n\'a, C. and Mar\'{\i}n, J. and Martin, T. and Mart\'{\i}nez, G. and Masi, N. and Maurin, D. and Menchaca-Rocha, A. and Meng, Q. and Mo, D. C. and Morescalchi, L. and Mott, P. and M\"uller, M. and Nelson, T. and Ni, J. Q. and Nikonov, N. and Nozzoli, F. and Nunes, P. and Obermeier, A. and Oliva, A. and Orcinha, M. and Palmonari, F. and Palomares, C. and Paniccia, M. and Papi, A. and Pauluzzi, M. and Pedreschi, E. and Pensotti, S. and Pereira, R. and Picot-Clemente, N. and Pilo, F. and Piluso, A. and Pizzolotto, C. and Plyaskin, V. and Pohl, M. and Poireau, V. and Putze, A. and Quadrani, L. and Qi, X. M. and Qin, X. and Qu, Z. Y. and R\"aih\"a, T. and Rancoita, P. G. and Rapin, D. and Ricol, J. S. and Rodr\'{\i}guez, I. and Rosier-Lees, S. and Rozhkov, A. and Rozza, D. and Sagdeev, R. and Sandweiss, J. and Saouter, P. and Schael, S. and Schmidt, S. M. and von Dratzig, A. Schulz and Schwering, G. and Scolieri, G. and Seo, E. S. and Shan, B. S. and Shan, Y. H. and Shi, J. Y. and Shi, X. Y. and Shi, Y. M. and Siedenburg, T. and Son, D. and Song, J. W. and Spada, F. and Spinella, F. and Sun, W. and Sun, W. H. and Tacconi, M. and Tang, C. P. and Tang, X. W. and Tang, Z. C. and Tao, L. and Tescaro, D. and Ting, Samuel C. C. and Ting, S. M. and Tomassetti, N. and Torsti, J. and T\"urko\ifmmode \breve{g}\else \u{g}\fi{}lu, C. and Urban, T. and Vagelli, V. and Valente, E. and Vannini, C. and Valtonen, E. and Vaurynovich, S. and Vecchi, M. and Velasco, M. and Vialle, J. P. and Vitale, V. and Vitillo, S. and Wang, L. Q. and Wang, N. H. and Wang, Q. L. and Wang, R. S. and Wang, X. and Wang, Z. X. and Weng, Z. L. and Whitman, K. and Wienkenh\"over, J. and Willenbrock, M. and Wu, H. and Wu, X. and Xia, X. and Xie, M. and Xie, S. and Xiong, R. Q. and Xu, N. S. and Xu, W. and Yan, Q. and Yang, J. and Yang, M. and Yang, Y. and Ye, Q. H. and Yi, H. and Yu, Y. J. and Yu, Z. Q. and Zeissler, S. and Zhang, C. and Zhang, J. H. and Zhang, M. T. and Zhang, S. D. and Zhang, S. W. and Zhang, X. B. and Zhang, Z. and Zheng, Z. M. and Zhuang, H. L. and Zhukov, V. and Zichichi, A. and Zimmermann, N. and Zuccon, P.},
  collaboration = {AMS Collaboration},
  journal       = {Phys. Rev. Lett.},
  volume        = {115},
  issue         = {21},
  pages         = {211101},
  numpages      = {9},
  year          = {2015},
  month         = {Nov},
  publisher     = {American Physical Society},
  doi           = {10.1103/PhysRevLett.115.211101},
  url           = {https://link.aps.org/doi/10.1103/PhysRevLett.115.211101}
}

@book{atmosCompos,
  title     = {Atmospheric},
  subtitle  = {Chapter 1: An Introductory Survey.Elsevier},
  author    = {Wallace, John M. and Peter V. Hobbs},
  year      = {2006},
  publisher = {Science}
}

@article{WAtwater,
  title     = {Meson Multiplicity versus Energy in Relativistic Nucleus-Nucleus Collisions},
  author    = {Atwater, Thomas W. and Freier, Phyllis S.},
  journal   = {Phys. Rev. Lett.},
  volume    = {56},
  issue     = {13},
  pages     = {1350--1353},
  numpages  = {0},
  year      = {1986},
  month     = {Mar},
  publisher = {American Physical Society},
  doi       = {10.1103/PhysRevLett.56.1350}
}

@article{K&Omodel,
  title     = {Deriving the cosmic ray spectrum from gamma-ray observations},
  author    = {Kachelrie\ss{}, M. and Ostapchenko, S.},
  journal   = {Phys. Rev. D},
  volume    = {86},
  issue     = {4},
  pages     = {043004},
  numpages  = {8},
  year      = {2012},
  month     = {Aug},
  publisher = {American Physical Society},
  doi       = {10.1103/PhysRevD.86.043004},
  url       = {https://link.aps.org/doi/10.1103/PhysRevD.86.043004}
}

% above method

@article{bess_experiment,
  title     = {Measurements of primary and atmospheric cosmic-ray spectra with the BESS-TeV spectrometer},
  volume    = {594},
  issn      = {0370-2693},
  url       = {http://dx.doi.org/10.1016/j.physletb.2004.05.019},
  doi       = {10.1016/j.physletb.2004.05.019},
  number    = {1-2},
  journal   = {Physics Letters B},
  publisher = {Elsevier BV},
  author    = {Haino, S. and Sanuki, T. and Abe, K. and Anraku, K. and Asaoka, Y. and Fuke, H. and Imori, M. and Itasaki, A. and Maeno, T. and Makida, Y. and et al.},
  year      = {2004},
  month     = {Jul},
  pages     = {35â46}
}

@inproceedings{map_cr_rigidity_cutoff,
  title  = {30TH INTERNATIONAL COSMIC RAY CONFERENCE Characteristics of near real-time cutoff calculations on a local and global scale},
  author = {R. B. and {\"U}tikofer and F. E.O. and L{\"U}CKIGER},
  year   = {2007}
}

% above lit review

@article{fermi_lat_instrument_first_year,
  doi       = {10.1088/0034-4885/73/7/074901},
  url       = {https://doi.org/10.1088/0034-4885/73/7/074901},
  year      = {2010},
  month     = jun,
  publisher = {{IOP} Publishing},
  volume    = {73},
  number    = {7},
  pages     = {074901},
  author    = {P F Michelson and W B Atwood and S Ritz},
  title     = {Fermi Gamma-ray Space Telescope: high-energy results from the first year},
  journal   = {Reports on Progress in Physics}
}

@article{cr_from_snr_2013,
  doi       = {10.1051/0004-6361/201220394},
  url       = {https://doi.org/10.1051/0004-6361/201220394},
  year      = {2013},
  month     = apr,
  publisher = {{EDP} Sciences},
  volume    = {553},
  pages     = {A34},
  author    = {C. D. Dermer and G. Powale},
  title     = {Gamma rays from cosmic rays in supernova remnants},
  journal   = {Astronomy {\&} Astrophysics}
}

@article{fermilat_gamma_induced,
  title         = {Fermi large area telescope observations of the cosmic-ray induced $\ensuremath{\gamma}$-ray emission of the Earth's atmosphere},
  author        = {Abdo, A. A. and Ackermann, M. and Ajello, M. and Atwood, W. B. and Baldini, L. and Ballet, J. and Barbiellini, G. and Bastieri, D. and Baughman, B. M. and Bechtol, K. and Bellazzini, R. and Berenji, B. and Bloom, E. D. and Bonamente, E. and Borgland, A. W. and Bouvier, A. and Bregeon, J. and Brez, A. and Brigida, M. and Bruel, P. and Buehler, R. and Burnett, T. H. and Buson, S. and Caliandro, G. A. and Cameron, R. A. and Caraveo, P. A. and Casandjian, J. M. and Cecchi, C. and \ifmmode \mbox{\c{C}}\else \c{C}\fi{}elik, \"O. and Charles, E. and Chekhtman, A. and Chiang, J. and Ciprini, S. and Claus, R. and Cohen-Tanugi, J. and Conrad, J. and de Palma, F. and Digel, S. W. and do Couto e Silva, E. and Drell, P. S. and Dubois, R. and Dumora, D. and Farnier, C. and Favuzzi, C. and Fegan, S. J. and Focke, W. B. and Fortin, P. and Frailis, M. and Fukazawa, Y. and Funk, S. and Fusco, P. and Gargano, F. and Gehrels, N. and Germani, S. and Giebels, B. and Giglietto, N. and Giordano, F. and Glanzman, T. and Godfrey, G. and Grenier, I. A. and Grondin, M.-H. and Grove, J. E. and Guillemot, L. and Guiriec, S. and Hays, E. and Horan, D. and Hughes, R. E. and J\'ohannesson, G. and Johnson, A. S. and Johnson, T. J. and Johnson, W. N. and Kamae, T. and Katagiri, H. and Kataoka, J. and Kawai, N. and Kerr, M. and Kn\"odlseder, J. and Kuss, M. and Lande, J. and Latronico, L. and Lemoine-Goumard, M. and Longo, F. and Loparco, F. and Lott, B. and Lovellette, M. N. and Lubrano, P. and Makeev, A. and Mazziotta, M. N. and McEnery, J. E. and Meurer, C. and Michelson, P. F. and Mitthumsiri, W. and Mizuno, T. and Monte, C. and Monzani, M. E. and Morselli, A. and Moskalenko, I. V. and Murgia, S. and Nolan, P. L. and Norris, J. P. and Nuss, E. and Ohsugi, T. and Okumura, A. and Omodei, N. and Orlando, E. and Ormes, J. F. and Paneque, D. and Panetta, J. H. and Parent, D. and Pelassa, V. and Pepe, M. and Pesce-Rollins, M. and Piron, F. and Porter, T. A. and Rain\`o, S. and Rando, R. and Razzano, M. and Reimer, A. and Reimer, O. and Reposeur, T. and Rochester, L. S. and Rodriguez, A. Y. and Roth, M. and Sadrozinski, H. F.-W. and Sander, A. and Saz Parkinson, P. M. and Sgr\`o, C. and Share, G. H. and Siskind, E. J. and Smith, D. A. and Smith, P. D. and Spandre, G. and Spinelli, P. and Strickman, M. S. and Suson, D. J. and Takahashi, H. and Tanaka, T. and Thayer, J. B. and Thayer, J. G. and Thompson, D. J. and Tibaldo, L. and Torres, D. F. and Tosti, G. and Tramacere, A. and Uchiyama, Y. and Usher, T. L. and Vasileiou, V. and Vilchez, N. and Vitale, V. and Waite, A. P. and Wang, P. and Winer, B. L. and Wood, K. S. and Ylinen, T. and Ziegler, M.},
  collaboration = {Fermi-LAT Collaboration},
  journal       = {Phys. Rev. D},
  volume        = {80},
  issue         = {12},
  pages         = {122004},
  numpages      = {10},
  year          = {2009},
  month         = {Dec},
  publisher     = {American Physical Society},
  doi           = {10.1103/PhysRevD.80.122004},
  url           = {https://link.aps.org/doi/10.1103/PhysRevD.80.122004}
}


@article{cr_shower_img,
  author = {Ertley, Camden},
  year   = {2014},
  month  = {01},
  pages  = {},
  title  = {STUDYING THE POLARIZATION OF HARD X-RAY SOLAR FLARES WITH THE GAMMA RAY POLARIMETER EXPERIMENT (GRAPE)}
}

@article{EarlyCRGerman,
  author  = {HÃ¶randel,JÃ¶rg R. },
  title   = {Early cosmic-ray work published in German},
  journal = {AIP Conference Proceedings},
  volume  = {1516},
  number  = {1},
  pages   = {52-60},
  year    = {2013},
  doi     = {10.1063/1.4792540},
  url     = {https://aip.scitation.org/doi/abs/10.1063/1.4792540 },
  eprint  = {https://aip.scitation.org/doi/pdf/10.1063/1.4792540 }
}




@incollection{text_cr_geomagnetic_effect,
  author    = {Lev Dorman},
  year      = {2009},
  doi       = {10.1007/978-1-4020-9239-8_1},
  url       = {https://doi.org/10.1007/978-1-4020-9239-8_1},
  publisher = {Springer Netherlands},
  pages     = {1--8},
  title     = {First Measurements of Cosmic Ray Geomagnetic Effects and the Problem of {CR} Nature},
  booktitle = {Astrophysics and Space Science Library}
}

@article{gzk_cr_limit,
  doi       = {10.1103/physrevlett.16.748},
  url       = {https://doi.org/10.1103/physrevlett.16.748},
  year      = {1966},
  month     = apr,
  publisher = {American Physical Society ({APS})},
  volume    = {16},
  number    = {17},
  pages     = {748--750},
  author    = {Kenneth Greisen},
  title     = {End to the Cosmic-Ray Spectrum?},
  journal   = {Physical Review Letters}
}

@article{review_particle_physics2012,
  title         = {Review of Particle Physics},
  author        = {Beringer, J. and Arguin, J. -F. and Barnett, R. M. and Copic, K. and Dahl, O. and Groom, D. E. and Lin, C. -J. and Lys, J. and Murayama, H. and Wohl, C. G. and Yao, W. -M. and Zyla, P. A. and Amsler, C. and Antonelli, M. and Asner, D. M. and Baer, H. and Band, H. R. and Basaglia, T. and Bauer, C. W. and Beatty, J. J. and Belousov, V. I. and Bergren, E. and Bernardi, G. and Bertl, W. and Bethke, S. and Bichsel, H. and Biebel, O. and Blucher, E. and Blusk, S. and Brooijmans, G. and Buchmueller, O. and Cahn, R. N. and Carena, M. and Ceccucci, A. and Chakraborty, D. and Chen, M. -C. and Chivukula, R. S. and Cowan, G. and D'Ambrosio, G. and Damour, T. and de Florian, D. and de Gouv\^ea, A. and DeGrand, T. and de Jong, P. and Dissertori, G. and Dobrescu, B. and Doser, M. and Drees, M. and Edwards, D. A. and Eidelman, S. and Erler, J. and Ezhela, V. V. and Fetscher, W. and Fields, B. D. and Foster, B. and Gaisser, T. K. and Garren, L. and Gerber, H. -J. and Gerbier, G. and Gherghetta, T. and Golwala, S. and Goodman, M. and Grab, C. and Gritsan, A. V. and Grivaz, J. -F. and Gr\"unewald, M. and Gurtu, A. and Gutsche, T. and Haber, H. E. and Hagiwara, K. and Hagmann, C. and Hanhart, C. and Hashimoto, S. and Hayes, K. G. and Heffner, M. and Heltsley, B. and Hern\'andez-Rey, J. J. and Hikasa, K. and H\"ocker, A. and Holder, J. and Holtkamp, A. and Huston, J. and Jackson, J. D. and Johnson, K. F. and Junk, T. and Karlen, D. and Kirkby, D. and Klein, S. R. and Klempt, E. and Kowalewski, R. V. and Krauss, F. and Kreps, M. and Krusche, B. and Kuyanov, Yu. V. and Kwon, Y. and Lahav, O. and Laiho, J. and Langacker, P. and Liddle, A. and Ligeti, Z. and Liss, T. M. and Littenberg, L. and Lugovsky, K. S. and Lugovsky, S. B. and Mannel, T. and Manohar, A. V. and Marciano, W. J. and Martin, A. D. and Masoni, A. and Matthews, J. and Milstead, D. and Miquel, R. and M\"onig, K. and Moortgat, F. and Nakamura, K. and Narain, M. and Nason, P. and Navas, S. and Neubert, M. and Nevski, P. and Nir, Y. and Olive, K. A. and Pape, L. and Parsons, J. and Patrignani, C. and Peacock, J. A. and Petcov, S. T. and Piepke, A. and Pomarol, A. and Punzi, G. and Quadt, A. and Raby, S. and Raffelt, G. and Ratcliff, B. N. and Richardson, P. and Roesler, S. and Rolli, S. and Romaniouk, A. and Rosenberg, L. J. and Rosner, J. L. and Sachrajda, C. T. and Sakai, Y. and Salam, G. P. and Sarkar, S. and Sauli, F. and Schneider, O. and Scholberg, K. and Scott, D. and Seligman, W. G. and Shaevitz, M. H. and Sharpe, S. R. and Silari, M. and Sj\"ostrand, T. and Skands, P. and Smith, J. G. and Smoot, G. F. and Spanier, S. and Spieler, H. and Stahl, A. and Stanev, T. and Stone, S. L. and Sumiyoshi, T. and Syphers, M. J. and Takahashi, F. and Tanabashi, M. and Terning, J. and Titov, M. and Tkachenko, N. P. and T\"ornqvist, N. A. and Tovey, D. and Valencia, G. and van Bibber, K. and Venanzoni, G. and Vincter, M. G. and Vogel, P. and Vogt, A. and Walkowiak, W. and Walter, C. W. and Ward, D. R. and Watari, T. and Weiglein, G. and Weinberg, E. J. and Wiencke, L. R. and Wolfenstein, L. and Womersley, J. and Woody, C. L. and Workman, R. L. and Yamamoto, A. and Zeller, G. P. and Zenin, O. V. and Zhang, J. and Zhu, R. -Y. and Harper, G. and Lugovsky, V. S. and Schaffner, P.},
  collaboration = {Particle Data Group},
  journal       = {Phys. Rev. D},
  volume        = {86},
  issue         = {1},
  pages         = {010001},
  numpages      = {1528},
  year          = {2012},
  month         = {Jul},
  publisher     = {American Physical Society},
  doi           = {10.1103/PhysRevD.86.010001},
  url           = {https://link.aps.org/doi/10.1103/PhysRevD.86.010001}
}

@inproceedings{CRComposition2017,
  doi       = {10.22323/1.301.0533},
  url       = {https://doi.org/10.22323/1.301.0533},
  year      = {2017},
  month     = aug,
  publisher = {Sissa Medialab},
  author    = {Hans P. Dembinski and Ralph Engel and Anatoli Fedynitch and Thomas Gaisser and Felix Riehn and Todor Stanev},
  title     = {Data-driven model of the cosmic-ray flux and mass composition from 10 {GeV} to {\textdollar}10{\^{}}$\lbrace$11$\rbrace${\textdollar} {GeV}},
  booktitle = {Proceedings of 35th International Cosmic Ray Conference {\textemdash} {PoS}({ICRC}2017)}
}


@article{Becquerel1896,
  author  = {Becquerel, Henri},
  journal = {Compt.\ Rend.\ Hebd.\ Seances Acad.\ Sci.},
  number  = {8},
  pages   = {420--421},
  title   = {{On the rays emitted by phosphorescence}},
  volume  = {122},
  year    = {1896}
}

@book{curie1923pierre,
  title     = {Pierre Curie},
  author    = {Curie, Marie},
  year      = {1923},
  publisher = {Macmillan}
}

@article{fricke2017julius,
  title     = {Julius Elster and Hans Geitel-Dioscuri of physics and pioneer investigators in atmospheric electricity},
  author    = {Fricke, Rudolf GA and Schlegel, Kristian},
  journal   = {History of Geo-and Space Sciences},
  volume    = {8},
  number    = {1},
  pages     = {1},
  year      = {2017},
  publisher = {Copernicus GmbH}
}

@article{wilson1921,
  title     = {III. Investigations on lighting discharges and on the electric field of thunderstorms},
  author    = {Wilson, Charles Thomson Rees},
  journal   = {Philosophical Transactions of the Royal Society of London. Series A, Containing Papers of a Mathematical or Physical Character},
  volume    = {221},
  number    = {582-593},
  pages     = {73--115},
  year      = {1921},
  publisher = {The Royal Society London}
}

@article{gray1949cosmic,
  title     = {Cosmic Rays},
  author    = {Gray, George W},
  journal   = {Scientific American},
  volume    = {180},
  number    = {3},
  pages     = {28--39},
  year      = {1949},
  publisher = {JSTOR}
}

@article{de2014atmospheric,
  title     = {Atmospheric ionization and cosmic rays: studies and measurements before 1912},
  author    = {De Angelis, Alessandro},
  journal   = {Astroparticle Physics},
  volume    = {53},
  pages     = {19--26},
  year      = {2014},
  publisher = {Elsevier}
}

@article{hess1912beobachtungen,
  title   = {{\"U}ber Beobachtungen der durchdringenden Strahlung bei sieben Freiballonfahrten},
  author  = {Hess, Victor F},
  journal = {Phys. Z.},
  volume  = {13},
  pages   = {1084--1091},
  year    = {1912}
}

@article{kolhorster1934cosmic,
  title     = {Cosmic Rays under 600 Metres of Water},
  author    = {Kolh{\"o}rster, Werner},
  journal   = {Nature},
  volume    = {133},
  number    = {3359},
  pages     = {419--419},
  year      = {1934},
  publisher = {Nature Publishing Group}
}

@inproceedings{Clay1927,
  author    = {{Clay}, J.},
  title     = {{Penetrating Radiation I.}},
  booktitle = {Proceedings of the Royal Academy of Sciences Amsterdam},
  year      = 1927,
  volume    = 30,
  pages     = {1115-1127}
}

@inproceedings{Clay1928,
  author    = {{Clay}, J.},
  title     = {{Penetrating Radiation II.}},
  booktitle = {Proceedings of the Royal Academy of Sciences Amsterdam},
  year      = 1928,
  volume    = 31,
  pages     = {1091-1097}
}

@article{stormer1934critical,
  title     = {Critical remarks on a paper by G. Lema{\^\i}tre and MS Vallarta on cosmic radiation},
  author    = {St{\"o}rmer, Carl},
  journal   = {Physical Review},
  volume    = {45},
  number    = {11},
  pages     = {835},
  year      = {1934},
  publisher = {APS}
}

@article{rossi1941cosmic,
  title     = {Cosmic-ray theory},
  author    = {Rossi, Bruno and Greisen, Kenneth},
  journal   = {Reviews of Modern Physics},
  volume    = {13},
  number    = {4},
  pages     = {240},
  year      = {1941},
  publisher = {APS}
}

@article{neddermeyer1937note,
  title     = {Note on the nature of cosmic-ray particles},
  author    = {Neddermeyer, Seth H and Anderson, Carl D},
  journal   = {Physical Review},
  volume    = {51},
  number    = {10},
  pages     = {884},
  year      = {1937},
  publisher = {APS}
}

@article{millikan1932cosmic,
  title     = {Cosmic-ray ionization and electroscope-constants as a function of pressure},
  author    = {Millikan, Robert A},
  journal   = {Physical Review},
  volume    = {39},
  number    = {3},
  pages     = {397},
  year      = {1932},
  publisher = {APS}
}

@article{taylor2016_crspectrumsuperposition,
  doi       = {10.1038/531043a},
  url       = {https://doi.org/10.1038/531043a},
  year      = {2016},
  month     = mar,
  publisher = {Springer Science and Business Media {LLC}},
  volume    = {531},
  number    = {7592},
  pages     = {43--44},
  author    = {Andrew M. Taylor},
  title     = {Cosmic rays beyond the knees},
  journal   = {Nature}
}

@article{rochester1953new,
  title     = {The new unstable cosmic-ray particles},
  author    = {Rochester, GD and Butler, CC},
  journal   = {Reports on Progress in Physics},
  volume    = {16},
  number    = {1},
  pages     = {364},
  year      = {1953},
  publisher = {IOP Publishing}
}

@article{watson2000ultra,
  title     = {Ultra-high-energy cosmic rays: the experimental situation},
  author    = {Watson, AA},
  journal   = {Physics Reports},
  volume    = {333},
  pages     = {309--327},
  year      = {2000},
  publisher = {Elsevier}
}

@article{fermi1949origin,
  title     = {On the origin of the cosmic radiation},
  author    = {Fermi, Enrico},
  journal   = {Physical review},
  volume    = {75},
  number    = {8},
  pages     = {1169},
  year      = {1949},
  publisher = {APS}
}

@article{linsley1963evidence,
  title     = {Evidence for a primary cosmic-ray particle with energy 10 20 eV},
  author    = {Linsley, John},
  journal   = {Physical Review Letters},
  volume    = {10},
  number    = {4},
  pages     = {146},
  year      = {1963},
  publisher = {APS}
}

@article{gaisser2013cosmic,
  title     = {Cosmic ray energy spectrum from measurements of air showers},
  author    = {Gaisser, Thomas K and Stanev, Todor and Tilav, Serap},
  journal   = {Frontiers of Physics},
  volume    = {8},
  number    = {6},
  pages     = {748--758},
  year      = {2013},
  publisher = {Springer}
}

@article{gerward1999paul,
  title     = {Paul Villard and his discovery of gamma rays},
  author    = {Gerward, Leif},
  journal   = {Physics in perspective},
  volume    = {1},
  number    = {4},
  pages     = {367--383},
  year      = {1999},
  publisher = {Springer}
}

@article{trenn1976rutherford,
  title     = {Rutherford on the alpha-beta-gamma classification of radioactive rays},
  author    = {Trenn, Thaddeus J},
  journal   = {Isis},
  volume    = {67},
  number    = {1},
  pages     = {61--75},
  year      = {1976},
  publisher = {History of Science Society}
}

@article{yoshida1994lateral,
  title     = {Lateral distribution of charged particles in giant air showers above 1 EeV observed by AGASA},
  author    = {Yoshida, S and Hayashida, N and Honda, K and Honda, M and Imaizumi, S and Inoue, N and Kadota, K and Kakimota, F and Kamata, K and Kawaguchi, S and others},
  journal   = {Journal of Physics G: Nuclear and Particle Physics},
  volume    = {20},
  number    = {4},
  pages     = {651},
  year      = {1994},
  publisher = {IOP Publishing}
}

@article{van1959radiation,
  title     = {Radiation Around the Earth to a Radial Distance of 107,400 km.},
  author    = {Van Allen, James A and Frank, Louis A},
  journal   = {Nature},
  volume    = {183},
  number    = {4659},
  pages     = {430--434},
  year      = {1959},
  publisher = {Springer}
}

@article{adriani2009anomalous,
  title     = {An anomalous positron abundance in cosmic rays with energies 1.5--100 GeV},
  author    = {Adriani, Oscar and Barbarino, GC and Bazilevskaya, GA and Bellotti, R and Boezio, Mirko and Bogomolov, EA and Bonechi, L and Bongi, M and Bonvicini, Valter and Bottai, S and others},
  journal   = {Nature},
  volume    = {458},
  number    = {7238},
  pages     = {607--609},
  year      = {2009},
  publisher = {Nature Publishing Group}
}

@incollection{skobeltzyn1985early,
  title     = {The early stage of cosmic ray particle research},
  author    = {Skobeltzyn, Dimitry V},
  booktitle = {Early History of Cosmic Ray Studies},
  pages     = {47--52},
  year      = {1985},
  publisher = {Springer}
}

@article{kirk1968scattering,
  title     = {Scattering of high-energy positive and negative muons on electrons},
  author    = {Kirk, Thomas BW and Neddermeyer, Seth H},
  journal   = {Physical Review},
  volume    = {171},
  number    = {5},
  pages     = {1412},
  year      = {1968},
  publisher = {APS}
}

@article{bird1994cosmic,
  title   = {The cosmic-ray energy spectrum observed by the Fly's Eye},
  author  = {Bird, DJa and Corbato, SC and Dai, HY and Dawson, BR and Elbert, JW and Emerson, BL and Green, KD and Huang, MA and Kieda, DB and Luo, M and others},
  journal = {The Astrophysical Journal},
  volume  = {424},
  pages   = {491--502},
  year    = {1994}
}

@article{Tsyganenko1987,
  author   = {{Tsyganenko}, N.~A.},
  title    = {{Global quantitative models of the geomagnetic field in the cislunar magnetosphere for different disturbance levels}},
  journal  = {Planetary and Space Science},
  keywords = {Cislunar Space, Earth Magnetosphere, Geomagnetism, Magnetic Field Configurations, Current Density, Geomagnetic Tail, Kp Index, Models},
  year     = 1987,
  month    = nov,
  volume   = 35,
  pages    = {1347-1358},
  doi      = {10.1016/0032-0633(87)90046-8},
  adsurl   = {http://adsabs.harvard.edu/abs/1987P%26SS...35.1347T},
  adsnote  = {Provided by the SAO/NASA Astrophysics Data System}
}

@techreport{belolaptikov1997baikal,
  title       = {The Baikal underwater neutrino telescope: Design, performance and first results},
  author      = {Belolaptikov, IA and Budnev, NM and Sinegovsky, SI and Padusenko, AH and Wiebusch, C and Moroz, AV and Streicher, O and Kulepov, VF and Wischnewski, R and Krabi, J and others},
  year        = {1997},
  institution = {SCAN-9704016}
}

@article{abraham2010measurement,
  title     = {Measurement of the energy spectrum of cosmic rays above 1018 eV using the Pierre Auger Observatory},
  author    = {Abraham, J and Abreu, P and Aglietta, M and Ahn, EJ and Allard, D and Allen, J and Alvarez-Muniz, J and Ambrosio, M and Anchordoqui, L and Andringa, S and others},
  journal   = {Physics Letters B},
  volume    = {685},
  number    = {4-5},
  pages     = {239--246},
  year      = {2010},
  publisher = {Elsevier}
}

@article{lesur2006introducing,
  title     = {Introducing localized constraints in global geomagnetic field modelling},
  author    = {Lesur, Vincent},
  journal   = {Earth, planets and space},
  volume    = {58},
  number    = {4},
  pages     = {477--483},
  year      = {2006},
  publisher = {The Seismological Society of Japan, Society of Geomagnetism and Earth~â¦}
}

@article{halzen2010invited,
  title     = {Invited review article: IceCube: an instrument for neutrino astronomy},
  author    = {Halzen, Francis and Klein, Spencer R},
  journal   = {Review of Scientific Instruments},
  volume    = {81},
  number    = {8},
  pages     = {081101},
  year      = {2010},
  publisher = {American Institute of Physics}
}



@article{shea1965study,
  title     = {A study of vertical cutoff rigidities using sixth degree simulations of the geomagnetic field},
  author    = {Shea, MA and Smart, DF and McCracken, KG},
  journal   = {Journal of Geophysical Research},
  volume    = {70},
  number    = {17},
  pages     = {4117--4130},
  year      = {1965},
  publisher = {Wiley Online Library}
}

@article{Carlson50,
  author  = {Carlson, A.G. and Hooper, J.E. and King, D.T.},
  title   = {LXIII. Nuclear transmutations produced by cosmic-ray particles of great energy.-\textit{Part V}. The neutral mesons},
  journal = {Philosophical Magazine Series 7},
  volume  = {41},
  number  = {318},
  pages   = {701-724},
  year    = {1950},
  doi     = {10.1080/14786445008561001}
}
%URL = {http://www.tandfonline.com/doi/abs/10.1080/14786445008561001},
%eprint = {http://www.tandfonline.com/doi/pdf/10.1080/14786445008561001}

%http://www.osti.gov/energycitations/product.biblio.jsp?osti_id=4338576
%bibtex from google


@article{Svensson58,
  title   = {THE COSMIC RAY PHOTON AND $\pi^0$-MESON ENERGY SPECTRA AT 29-30 km ABOVE SEA-LEVEL},
  author  = {Svensson, G},
  journal = {Arkiv Fysik},
  volume  = {13},
  pages   = {347},
  year    = {1958}
}

@article{kraushaar1962search,
  title     = {Search for primary cosmic gamma rays with the satellite Explorer XI},
  author    = {Kraushaar, WL and Clark, GW},
  journal   = {Physical Review Letters},
  volume    = {8},
  number    = {3},
  pages     = {106},
  year      = {1962},
  publisher = {APS}
}

@article{kraushaar1965explorer,
  title   = {Explorer XI Experiment on Cosmic Gamma Rays.},
  author  = {Kraushaar, William and Clark, GW and Garmire, G and Helmken, H and Higbie, P and Agogino, M},
  journal = {The Astrophysical Journal},
  volume  = {141},
  pages   = {845},
  year    = {1965}
}

@article{Kraushaar72,
  author  = {{Kraushaar}, W.~L. and {Clark}, G.~W. and {Garmire}, G.~P. and 
	{Borken}, R. and {Higbie}, P. and {Leong}, V. and {Thorsos}, T.},
  title   = {{High-Energy Cosmic Gamma-Ray Observations from the OSO-3 Satellite}},
  journal = {The Astrophysical Journal},
  year    = 1972,
  month   = nov,
  volume  = 177,
  pages   = {341},
  doi     = {10.1086/151713},
  adsurl  = {http://adsabs.harvard.edu/abs/1972ApJ...177..341K},
  adsnote = {Provided by the SAO/NASA Astrophysics Data System}
}

@article{Thompson81,
  author   = {{Thompson}, D.~J. and {Simpson}, G.~A. and {Ozel}, M.~E.},
  title    = {{SAS 2 observations of the earth albedo gamma radiation above 35 MeV}},
  journal  = {Journal of Geophysical Research},
  keywords = {EARTH ALBEDO, EARTH ATMOSPHERE, GAMMA RAYS, SAS-2, TERRESTRIAL RADIATION, COSMIC RAYS, ENERGY SPECTRA, GAMMA RAY TELESCOPES, GEOMAGNETISM, HORIZON, INCIDENT RADIATION},
  year     = 1981,
  month    = mar,
  volume   = 86,
  pages    = {1265-1270},
  doi      = {10.1029/JA086iA03p01265},
  adsurl   = {http://adsabs.harvard.edu/abs/1981JGR....86.1265T},
  adsnote  = {Provided by the SAO/NASA Astrophysics Data System}
}

@inproceedings{Petry05,
  author    = {{Petry}, D.},
  title     = {{The Earth's Gamma-ray Albedo as observed by EGRET}},
  keywords  = {gamma-ray sources; gamma-ray bursts, X- and gamma-ray telescopes and instrumentation},
  booktitle = {High Energy Gamma-Ray Astronomy},
  year      = 2005,
  series    = {American Institute of Physics Conference Series},
  volume    = 745,
  eprint    = {arXiv:astro-ph/0410487},
  editor    = {{Aharonian}, F.~A. and {V{\"o}lk}, H.~J. and {Horns}, D.},
  month     = feb,
  pages     = {709-714},
  doi       = {10.1063/1.1878488},
  adsurl    = {http://adsabs.harvard.edu/abs/2005AIPC..745..709P},
  adsnote   = {Provided by the SAO/NASA Astrophysics Data System}
}

@article{FermiEarth09,
  author        = {{Abdo}, A.~A. and {Ackermann}, M. and {Ajello}, M. and {Atwood}, W.~B. and 
	{Baldini}, L. and {Ballet}, J. and {Barbiellini}, G. and {Bastieri}, D. and 
	{Baughman}, B.~M. and {Bechtol}, K. and {Bellazzini}, R. and 
	{Berenji}, B. and {Bloom}, E.~D. and {Bonamente}, E. and {Borgland}, A.~W. and 
	{Bouvier}, A. and {Bregeon}, J. and {Brez}, A. and {Brigida}, M. and 
	{Bruel}, P. and {Buehler}, R. and {Burnett}, T.~H. and {Buson}, S. and 
	{Caliandro}, G.~A. and {Cameron}, R.~A. and {Caraveo}, P.~A. and 
	{Casandjian}, J.~M. and {Cecchi}, C. and {{\c C}elik}, {\"O}. and 
	{Charles}, E. and {Chekhtman}, A. and {Chiang}, J. and {Ciprini}, S. and 
	{Claus}, R. and {Cohen-Tanugi}, J. and {Conrad}, J. and {de Palma}, F. and 
	{Digel}, S.~W. and {Do Couto E Silva}, E. and {Drell}, P.~S. and 
	{Dubois}, R. and {Dumora}, D. and {Farnier}, C. and {Favuzzi}, C. and 
	{Fegan}, S.~J. and {Focke}, W.~B. and {Fortin}, P. and {Frailis}, M. and 
	{Fukazawa}, Y. and {Funk}, S. and {Fusco}, P. and {Gargano}, F. and 
	{Gehrels}, N. and {Germani}, S. and {Giebels}, B. and {Giglietto}, N. and 
	{Giordano}, F. and {Glanzman}, T. and {Godfrey}, G. and {Grenier}, I.~A. and 
	{Grondin}, M.-H. and {Grove}, J.~E. and {Guillemot}, L. and 
	{Guiriec}, S. and {Hays}, E. and {Horan}, D. and {Hughes}, R.~E. and 
	{J{\'o}hannesson}, G. and {Johnson}, A.~S. and {Johnson}, T.~J. and 
	{Johnson}, W.~N. and {Kamae}, T. and {Katagiri}, H. and {Kataoka}, J. and 
	{Kawai}, N. and {Kerr}, M. and {Kn{\"o}dlseder}, J. and {Kuss}, M. and 
	{Lande}, J. and {Latronico}, L. and {Lemoine-Goumard}, M. and 
	{Longo}, F. and {Loparco}, F. and {Lott}, B. and {Lovellette}, M.~N. and 
	{Lubrano}, P. and {Makeev}, A. and {Mazziotta}, M.~N. and {McEnery}, J.~E. and 
	{Meurer}, C. and {Michelson}, P.~F. and {Mitthumsiri}, W. and 
	{Mizuno}, T. and {Monte}, C. and {Monzani}, M.~E. and {Morselli}, A. and 
	{Moskalenko}, I.~V. and {Murgia}, S. and {Nolan}, P.~L. and 
	{Norris}, J.~P. and {Nuss}, E. and {Ohsugi}, T. and {Okumura}, A. and 
	{Omodei}, N. and {Orlando}, E. and {Ormes}, J.~F. and {Paneque}, D. and 
	{Panetta}, J.~H. and {Parent}, D. and {Pelassa}, V. and {Pepe}, M. and 
	{Pesce-Rollins}, M. and {Piron}, F. and {Porter}, T.~A. and 
	{Rain{\`o}}, S. and {Rando}, R. and {Razzano}, M. and {Reimer}, A. and 
	{Reimer}, O. and {Reposeur}, T. and {Rochester}, L.~S. and {Rodriguez}, A.~Y. and 
	{Roth}, M. and {Sadrozinski}, H.~F.-W. and {Sander}, A. and 
	{Saz Parkinson}, P.~M. and {Sgr{\`o}}, C. and {Share}, G.~H. and 
	{Siskind}, E.~J. and {Smith}, D.~A. and {Smith}, P.~D. and {Spandre}, G. and 
	{Spinelli}, P. and {Strickman}, M.~S. and {Suson}, D.~J. and 
	{Takahashi}, H. and {Tanaka}, T. and {Thayer}, J.~B. and {Thayer}, J.~G. and 
	{Thompson}, D.~J. and {Tibaldo}, L. and {Torres}, D.~F. and 
	{Tosti}, G. and {Tramacere}, A. and {Uchiyama}, Y. and {Usher}, T.~L. and 
	{Vasileiou}, V. and {Vilchez}, N. and {Vitale}, V. and {Waite}, A.~P. and 
	{Wang}, P. and {Winer}, B.~L. and {Wood}, K.~S. and {Ylinen}, T. and 
	{Ziegler}, M.},
  title         = {{Fermi large area telescope observations of the cosmic-ray induced {$\gamma$}-ray emission of the Earth's atmosphere}},
  journal       = {Physical Review D},
  archiveprefix = {arXiv},
  eprint        = {0912.1868},
  primaryclass  = {astro-ph.HE},
  keywords      = {Cosmic rays, Other upper atmospheric phenomena: red sprites, blue jets, atmospheric gamma ray and intense VHF emissions, Extensive air showers, Interactions with terrestrial matter},
  year          = 2009,
  month         = dec,
  volume        = 80,
  number        = 12,
  eid           = {122004},
  pages         = {122004},
  doi           = {10.1103/PhysRevD.80.122004},
  adsurl        = {http://adsabs.harvard.edu/abs/2009PhRvD..80l2004A},
  adsnote       = {Provided by the SAO/NASA Astrophysics Data System}
}

@article{Stecker73,
  author  = {{Stecker}, F.~W.},
  title   = {{Simple Model for Scanning-angle Distribution of Planetary Albedo Gamma-rays}},
  journal = {Nature Physical Science},
  year    = 1973,
  month   = mar,
  volume  = 242,
  pages   = {59-60},
  doi     = {10.1038/physci242059a0},
  adsurl  = {http://adsabs.harvard.edu/abs/1973NPhS..242...59S},
  adsnote = {Provided by the SAO/NASA Astrophysics Data System}
}

@article{Morris84,
  author   = {{Morris}, D.~J.},
  title    = {{Production of high-energy gamma rays by cosmic ray interactions in the atmosphere and lunar surface}},
  journal  = {Journal of Geophysical Research},
  keywords = {Cosmic Rays, Gamma Rays, High Energy Interactions, Particle Production, Albedo, Balloon Sounding, Gamma Ray Spectra, Lunar Surface, Monte Carlo Method, Nucleon-Nucleon Interactions},
  year     = 1984,
  month    = dec,
  volume   = 89,
  pages    = {10685-10696},
  doi      = {10.1029/JA089iA12p10685},
  adsurl   = {http://adsabs.harvard.edu/abs/1984JGR....8910685M},
  adsnote  = {Provided by the SAO/NASA Astrophysics Data System}
}

@article{FermiEarth14,
  author        = {{Ackermann}, M. and {Ajello}, M. and {Albert}, A. and {Allafort}, A. and 
	{Baldini}, L. and {Barbiellini}, G. and {Bastieri}, D. and {Bechtol}, K. and 
	{Bellazzini}, R. and {Blandford}, R.~D. and {Bloom}, E.~D. and 
	{Bonamente}, E. and {Bottacini}, E. and {Bouvier}, A. and {Brandt}, T.~J. and 
	{Brigida}, M. and {Bruel}, P. and {Buehler}, R. and {Buson}, S. and 
	{Caliandro}, G.~A. and {Cameron}, R.~A. and {Caraveo}, P.~A. and 
	{Cecchi}, C. and {Charles}, E. and {Chaves}, R.~C.~G. and {Chekhtman}, A. and 
	{Chiang}, J. and {Chiaro}, G. and {Ciprini}, S. and {Claus}, R. and 
	{Cohen-Tanugi}, J. and {Conrad}, J. and {Cutini}, S. and {Dalton}, M. and 
	{D'Ammando}, F. and {de Angelis}, A. and {de Palma}, F. and 
	{Dermer}, C.~D. and {Digel}, S.~W. and {Di Venere}, L. and {do Couto e Silva}, E. and 
	{Drell}, P.~S. and {Drlica-Wagner}, A. and {Favuzzi}, C. and 
	{Fegan}, S.~J. and {Ferrara}, E.~C. and {Focke}, W.~B. and {Franckowiak}, A. and 
	{Fukazawa}, Y. and {Funk}, S. and {Fusco}, P. and {Gargano}, F. and 
	{Gasparrini}, D. and {Germani}, S. and {Giglietto}, N. and {Giordano}, F. and 
	{Giroletti}, M. and {Glanzman}, T. and {Godfrey}, G. and {Gomez-Vargas}, G.~A. and 
	{Grenier}, I.~A. and {Grove}, J.~E. and {Guiriec}, S. and {Gustafsson}, M. and 
	{Hadasch}, D. and {Hanabata}, Y. and {Harding}, A.~K. and {Hayashida}, M. and 
	{Hayashi}, K. and {Hewitt}, J.~W. and {Horan}, D. and {Hou}, X. and 
	{Hughes}, R.~E. and {Inoue}, Y. and {Jackson}, M.~S. and {Jogler}, T. and 
	{J{\'o}hannesson}, G. and {Johnson}, A.~S. and {Kamae}, T. and 
	{Kawano}, T. and {Kn{\"o}dlseder}, J. and {Kuss}, M. and {Lande}, J. and 
	{Larsson}, S. and {Latronico}, L. and {Longo}, F. and {Loparco}, F. and 
	{Lovellette}, M.~N. and {Lubrano}, P. and {Mayer}, M. and {Mazziotta}, M.~N. and 
	{McEnery}, J.~E. and {Mehault}, J. and {Michelson}, P.~F. and 
	{Mitthumsiri}, W. and {Mizuno}, T. and {Moiseev}, A.~A. and 
	{Monte}, C. and {Monzani}, M.~E. and {Morselli}, A. and {Moskalenko}, I.~V. and 
	{Murgia}, S. and {Nemmen}, R. and {Nuss}, E. and {Ohsugi}, T. and 
	{Okumura}, A. and {Orienti}, M. and {Orlando}, E. and {Ormes}, J.~F. and 
	{Paneque}, D. and {Panetta}, J.~H. and {Perkins}, J.~S. and 
	{Pesce-Rollins}, M. and {Piron}, F. and {Pivato}, G. and {Porter}, T.~A. and 
	{Rain{\`o}}, S. and {Rando}, R. and {Razzano}, M. and {Razzaque}, S. and 
	{Reimer}, A. and {Reimer}, O. and {Ritz}, S. and {Roth}, M. and 
	{Schaal}, M. and {Schulz}, A. and {Sgr{\`o}}, C. and {Siskind}, E.~J. and 
	{Spandre}, G. and {Spinelli}, P. and {Strong}, A.~W. and {Takahashi}, H. and 
	{Takeuchi}, Y. and {Thayer}, J.~G. and {Thayer}, J.~B. and {Thompson}, D.~J. and 
	{Tibaldo}, L. and {Tinivella}, M. and {Torres}, D.~F. and {Tosti}, G. and 
	{Troja}, E. and {Tronconi}, V. and {Usher}, T.~L. and {Vandenbroucke}, J. and 
	{Vasileiou}, V. and {Vianello}, G. and {Vitale}, V. and {Werner}, M. and 
	{Winer}, B.~L. and {Wood}, K.~S. and {Wood}, M. and {Yang}, Z. and 
	{Fermi LAT Collaboration}},
  title         = {{Inferred Cosmic-Ray Spectrum from Fermi Large Area Telescope {$\gamma$}-Ray Observations of Earth's Limb}},
  journal       = {Physical Review Letters},
  archiveprefix = {arXiv},
  eprint        = {1403.5372},
  primaryclass  = {astro-ph.HE},
  keywords      = {Composition energy spectra and interactions, gamma-ray, Neutrino muon pion and other elementary particles, cosmic rays, Cosmic rays},
  year          = 2014,
  month         = apr,
  volume        = 112,
  number        = 15,
  eid           = {151103},
  pages         = {151103},
  doi           = {10.1103/PhysRevLett.112.151103},
  adsurl        = {http://adsabs.harvard.edu/abs/2014PhRvL.112o1103A},
  adsnote       = {Provided by the SAO/NASA Astrophysics Data System}
}

@article{Ruffolo16,
  author   = {{Ruffolo}, D. and {S{\'a}iz}, A. and {Mangeard}, P.-S. and {Kamyan}, N. and 
	{Muangha}, P. and {Nutaro}, T. and {Sumran}, S. and {Chaiwattana}, C. and 
	{Gasiprong}, N. and {Channok}, C. and {Wuttiya}, C. and {Rujiwarodom}, M. and 
	{Tooprakai}, P. and {Asavapibhop}, B. and {Bieber}, J.~W. and 
	{Clem}, J. and {Evenson}, P. and {Munakata}, K.},
  title    = {{Monitoring Short-term Cosmic-ray Spectral Variations Using Neutron Monitor Time-delay Measurements}},
  journal  = {The Astrophysical Journal},
  keywords = {cosmic rays, solar{\ndash}terrestrial relations, Sun: coronal mass ejections: CMEs},
  year     = 2016,
  month    = jan,
  volume   = 817,
  eid      = {38},
  pages    = {38},
  doi      = {10.3847/0004-637X/817/1/38},
  adsurl   = {http://adsabs.harvard.edu/abs/2016ApJ...817...38R},
  adsnote  = {Provided by the SAO/NASA Astrophysics Data System}
}



@article{IGRF12,
  author   = {Th{\'e}bault, Erwan
and Finlay, Christopher C.
and Beggan, Ciar{\'a}n D.
and Alken, Patrick
and Aubert, Julien
and Barrois, Olivier
and Bertrand, Francois
and Bondar, Tatiana
and Boness, Axel
and Brocco, Laura
and Canet, Elisabeth
and Chambodut, Aude
and Chulliat, Arnaud
and Co{\"i}sson, Pierdavide
and Civet, Fran{\c{c}}ois
and Du, Aimin
and Fournier, Alexandre
and Fratter, Isabelle
and Gillet, Nicolas
and Hamilton, Brian
and Hamoudi, Mohamed
and Hulot, Gauthier
and Jager, Thomas
and Korte, Monika
and Kuang, Weijia
and Lalanne, Xavier
and Langlais, Benoit
and L{\'e}ger, Jean-Michel
and Lesur, Vincent
and Lowes, Frank J.
and Macmillan, Susan
and Mandea, Mioara
and Manoj, Chandrasekharan
and Maus, Stefan
and Olsen, Nils
and Petrov, Valeriy
and Ridley, Victoria
and Rother, Martin
and Sabaka, Terence J.
and Saturnino, Diana
and Schachtschneider, Reyko
and Sirol, Olivier
and Tangborn, Andrew
and Thomson, Alan
and T{\o}ffner-Clausen, Lars
and Vigneron, Pierre
and Wardinski, Ingo
and Zvereva, Tatiana},
  title    = {International Geomagnetic Reference Field: the 12th generation},
  journal  = {Earth, Planets and Space},
  year     = {2015},
  month    = {May},
  day      = {27},
  volume   = {67},
  number   = {1},
  pages    = {79},
  abstract = {The 12th generation of the International Geomagnetic Reference Field (IGRF) was adopted in December 2014 by the Working Group V-MOD appointed by the International Association of Geomagnetism and Aeronomy (IAGA). It updates the previous IGRF generation with a definitive main field model for epoch 2010.0, a main field model for epoch 2015.0, and a linear annual predictive secular variation model for 2015.0-2020.0. Here, we present the equations defining the IGRF model, provide the spherical harmonic coefficients, and provide maps of the magnetic declination, inclination, and total intensity for epoch 2015.0 and their predicted rates of change for 2015.0-2020.0. We also update the magnetic pole positions and discuss briefly the latest changes and possible future trends of the Earth's magnetic field.},
  issn     = {1880-5981},
  doi      = {10.1186/s40623-015-0228-9},
  url      = {https://doi.org/10.1186/s40623-015-0228-9}
}
}

@article{FermiLAT,
  author        = {{Atwood}, W.~B. and {Abdo}, A.~A. and {Ackermann}, M. and {Althouse}, W. and 
	{Anderson}, B. and {Axelsson}, M. and {Baldini}, L. and {Ballet}, J. and 
	{Band}, D.~L. and {Barbiellini}, G. and et al.},
  title         = {{The Large Area Telescope on the Fermi Gamma-Ray Space Telescope Mission}},
  journal       = {The Astrophysical Journal},
  archiveprefix = {arXiv},
  eprint        = {0902.1089},
  primaryclass  = {astro-ph.IM},
  keywords      = {cosmic rays, galaxies: active, Galaxy: general, gamma rays: observations, Sun: X-rays, gamma rays, telescopes},
  year          = 2009,
  month         = jun,
  volume        = 697,
  pages         = {1071-1102},
  doi           = {10.1088/0004-637X/697/2/1071},
  adsurl        = {http://adsabs.harvard.edu/abs/2009ApJ...697.1071A},
  adsnote       = {Provided by the SAO/NASA Astrophysics Data System}
}

@article{Pass8,
  author        = {{Atwood}, W. and {Albert}, A. and {Baldini}, L. and {Tinivella}, M. and
        {Bregeon}, J. and {Pesce-Rollins}, M. and {Sgr{\`o}}, C. and
        {Bruel}, P. and {Charles}, E. and {Drlica-Wagner}, A. and
        {Franckowiak}, A. and {Jogler}, T. and {Rochester}, L. and
        {Usher}, T. and {Wood}, M. and {Cohen-Tanugi}, J. and {S. Zimmer
        for the Fermi-LAT Collaboration}},
  title         = {{Pass 8: Toward the Full Realization of the Fermi-LAT Scientific
        Potential}},
  journal       = {arXiv e-prints},
  keywords      = {Astrophysics - Instrumentation and Methods for Astrophysics,
        Astrophysics - High Energy Astrophysical Phenomena},
  year          = 2013,
  month         = Mar,
  eid           = {arXiv:1303.3514},
  pages         = {arXiv:1303.3514},
  archiveprefix = {arXiv},
  eprint        = {1303.3514},
  primaryclass  = {astro-ph.IM},
  adsurl        = {https://ui.adsabs.harvard.edu/\#abs/2013arXiv1303.3514A},
  adsnote       = {Provided by the SAO/NASA Astrophysics Data System}
}


@article{Heliumflux2015,
  author   = {{Aguilar}, M. and {Aisa}, D. and {Alpat}, B. and {Alvino}, A. and 
	{Ambrosi}, G. and {Andeen}, K. and {Arruda}, L. and {Attig}, N. and 
	{Azzarello}, P. and {Bachlechner}, A. and et al.},
  title    = {{Precision Measurement of the Helium Flux in Primary Cosmic Rays of Rigidities 1.9 GV to 3 TV with the Alpha Magnetic Spectrometer on the International Space Station}},
  journal  = {Physical Review Letters},
  keywords = {Cosmic rays, Neutrino muon pion and other elementary particle detectors, cosmic ray detectors, Neutrino muon pion and other elementary particles, cosmic rays, Composition energy spectra and interactions},
  year     = 2015,
  month    = nov,
  volume   = 115,
  number   = 21,
  eid      = {211101},
  pages    = {211101},
  doi      = {10.1103/PhysRevLett.115.211101},
  adsurl   = {http://adsabs.harvard.edu/abs/2015PhRvL.115u1101A},
  adsnote  = {Provided by the SAO/NASA Astrophysics Data System}
}

@article{Stephens1981,
  author   = {{Stephens}, S.~A. and {Badhwar}, G.~D.},
  title    = {{Production spectrum of gamma rays in interstellar space through neutral pion decay}},
  journal  = {Astrophysics and Space Science},
  keywords = {Cosmic Rays, Gamma Ray Astronomy, Interstellar Gas, Particle Production, Pions, Proton-Proton Reactions, Bremsstrahlung, Galaxies, Gamma Ray Spectra, Radio Spectra, Radioactive Decay},
  year     = 1981,
  month    = may,
  volume   = 76,
  pages    = {213-233},
  doi      = {10.1007/BF00651256},
  adsurl   = {http://adsabs.harvard.edu/abs/1981Ap%26SS..76..213S},
  adsnote  = {Provided by the SAO/NASA Astrophysics Data System}
}

@article{Kelner2006,
  author   = {{Kelner}, S.~R. and {Aharonian}, F.~A. and {Bugayov}, V.~V.},
  title    = {{Energy spectra of gamma rays, electrons, and neutrinos produced at proton-proton interactions in the very high energy regime}},
  journal  = {Physical Review D},
  eprint   = {astro-ph/0606058},
  keywords = {Nucleon-nucleon interactions, Decays of pi mesons, Total and inclusive cross sections, Leptons},
  year     = 2006,
  month    = aug,
  volume   = 74,
  number   = 3,
  eid      = {034018},
  pages    = {034018},
  doi      = {10.1103/PhysRevD.74.034018},
  adsurl   = {http://adsabs.harvard.edu/abs/2006PhRvD..74c4018K},
  adsnote  = {Provided by the SAO/NASA Astrophysics Data System}
}

@article{AMS02pr2015,
  author   = {{Aguilar}, M. and {Aisa}, D. and {Alpat}, B. and {Alvino}, A. and 
	{Ambrosi}, G. and {Andeen}, K. and {Arruda}, L. and {Attig}, N. and 
	{Azzarello}, P. and {Bachlechner}, A. and et al.},
  title    = {{Precision Measurement of the Proton Flux in Primary Cosmic Rays from Rigidity 1 GV to 1.8 TV with the Alpha Magnetic Spectrometer on the International Space Station}},
  journal  = {Physical Review Letters},
  keywords = {Cosmic rays, Neutrino muon pion and other elementary particle detectors, cosmic ray detectors, Neutrino muon pion and other elementary particles, cosmic rays, Composition energy spectra and interactions},
  year     = 2015,
  month    = may,
  volume   = 114,
  number   = 17,
  eid      = {171103},
  pages    = {171103},
  doi      = {10.1103/PhysRevLett.114.171103},
  adsurl   = {http://adsabs.harvard.edu/abs/2015PhRvL.114q1103A},
  adsnote  = {Provided by the SAO/NASA Astrophysics Data System}
}

@article{LatSur2014,
  author   = {{Nuntiyakul}, W. and {Evenson}, P. and {Ruffolo}, D. and {S{\'a}iz}, A. and 
	{Bieber}, J.~W. and {Clem}, J. and {Pyle}, R. and {Duldig}, M.~L. and 
	{Humble}, J.~E.},
  title    = {{Latitude Survey Investigation of Galactic Cosmic Ray Solar Modulation during 1994-2007}},
  journal  = {The Astrophysical Journal},
  keywords = {cosmic rays, solar-terrestrial relations },
  year     = 2014,
  month    = nov,
  volume   = 795,
  eid      = {11},
  pages    = {11},
  doi      = {10.1088/0004-637X/795/1/11},
  adsurl   = {http://adsabs.harvard.edu/abs/2014ApJ...795...11N},
  adsnote  = {Provided by the SAO/NASA Astrophysics Data System}
}

@article{Rossi1930,
  author  = {{Rossi}, B.},
  title   = {{On the Magnetic Deflection of Cosmic Rays}},
  journal = {Physical Review},
  year    = 1930,
  month   = aug,
  volume  = 36,
  pages   = {606-606},
  doi     = {10.1103/PhysRev.36.606},
  adsurl  = {https://ui.adsabs.harvard.edu/abs/1930PhRv...36..606R},
  adsnote = {Provided by the SAO/NASA Astrophysics Data System}
}

@article{ElectronPositron2012,
  author        = {{Ackermann}, M. and {Ajello}, M. and {Allafort}, A. and {Atwood}, W.~B. and 
	{Baldini}, L. and {Barbiellini}, G. and {Bastieri}, D. and {Bechtol}, K. and 
	{Bellazzini}, R. and {Berenji}, B. and {Blandford}, R.~D. and 
	{Bloom}, E.~D. and {Bonamente}, E. and {Borgland}, A.~W. and 
	{Bouvier}, A. and {Bregeon}, J. and {Brigida}, M. and {Bruel}, P. and 
	{Buehler}, R. and {Buson}, S. and {Caliandro}, G.~A. and {Cameron}, R.~A. and 
	{Caraveo}, P.~A. and {Casandjian}, J.~M. and {Cecchi}, C. and 
	{Charles}, E. and {Chekhtman}, A. and {Cheung}, C.~C. and {Chiang}, J. and 
	{Ciprini}, S. and {Claus}, R. and {Cohen-Tanugi}, J. and {Conrad}, J. and 
	{Cutini}, S. and {de Angelis}, A. and {de Palma}, F. and {Dermer}, C.~D. and 
	{Digel}, S.~W. and {Do Couto E Silva}, E. and {Drell}, P.~S. and 
	{Drlica-Wagner}, A. and {Favuzzi}, C. and {Fegan}, S.~J. and 
	{Ferrara}, E.~C. and {Focke}, W.~B. and {Fortin}, P. and {Fukazawa}, Y. and 
	{Funk}, S. and {Fusco}, P. and {Gargano}, F. and {Gasparrini}, D. and 
	{Germani}, S. and {Giglietto}, N. and {Giommi}, P. and {Giordano}, F. and 
	{Giroletti}, M. and {Glanzman}, T. and {Godfrey}, G. and {Grenier}, I.~A. and 
	{Grove}, J.~E. and {Guiriec}, S. and {Gustafsson}, M. and {Hadasch}, D. and 
	{Harding}, A.~K. and {Hayashida}, M. and {Hughes}, R.~E. and 
	{J{\'o}hannesson}, G. and {Johnson}, A.~S. and {Kamae}, T. and 
	{Katagiri}, H. and {Kataoka}, J. and {Kn{\"o}dlseder}, J. and 
	{Kuss}, M. and {Lande}, J. and {Latronico}, L. and {Lemoine-Goumard}, M. and 
	{Llena Garde}, M. and {Longo}, F. and {Loparco}, F. and {Lovellette}, M.~N. and 
	{Lubrano}, P. and {Madejski}, G.~M. and {Mazziotta}, M.~N. and 
	{McEnery}, J.~E. and {Michelson}, P.~F. and {Mitthumsiri}, W. and 
	{Mizuno}, T. and {Moiseev}, A.~A. and {Monte}, C. and {Monzani}, M.~E. and 
	{Morselli}, A. and {Moskalenko}, I.~V. and {Murgia}, S. and 
	{Nakamori}, T. and {Nolan}, P.~L. and {Norris}, J.~P. and {Nuss}, E. and 
	{Ohno}, M. and {Ohsugi}, T. and {Okumura}, A. and {Omodei}, N. and 
	{Orlando}, E. and {Ormes}, J.~F. and {Ozaki}, M. and {Paneque}, D. and 
	{Parent}, D. and {Pesce-Rollins}, M. and {Pierbattista}, M. and 
	{Piron}, F. and {Pivato}, G. and {Porter}, T.~A. and {Rain{\`o}}, S. and 
	{Rando}, R. and {Razzano}, M. and {Razzaque}, S. and {Reimer}, A. and 
	{Reimer}, O. and {Reposeur}, T. and {Ritz}, S. and {Romani}, R.~W. and 
	{Roth}, M. and {Sadrozinski}, H.~F.-W. and {Sbarra}, C. and 
	{Schalk}, T.~L. and {Sgr{\`o}}, C. and {Siskind}, E.~J. and 
	{Spandre}, G. and {Spinelli}, P. and {Strong}, A.~W. and {Takahashi}, H. and 
	{Takahashi}, T. and {Tanaka}, T. and {Thayer}, J.~G. and {Thayer}, J.~B. and 
	{Tibaldo}, L. and {Tinivella}, M. and {Torres}, D.~F. and {Tosti}, G. and 
	{Troja}, E. and {Uchiyama}, Y. and {Usher}, T.~L. and {Vandenbroucke}, J. and 
	{Vasileiou}, V. and {Vianello}, G. and {Vitale}, V. and {Waite}, A.~P. and 
	{Winer}, B.~L. and {Wood}, K.~S. and {Wood}, M. and {Yang}, Z. and 
	{Zimmer}, S.},
  title         = {{Measurement of Separate Cosmic-Ray Electron and Positron Spectra with the Fermi Large Area Telescope}},
  journal       = {Physical Review Letters},
  archiveprefix = {arXiv},
  eprint        = {1109.0521},
  primaryclass  = {astro-ph.HE},
  keywords      = {Composition energy spectra and interactions, Dark matter, Neutrino muon pion and other elementary particles, cosmic rays, Cosmic rays},
  year          = 2012,
  month         = jan,
  volume        = 108,
  number        = 1,
  eid           = {011103},
  pages         = {011103},
  doi           = {10.1103/PhysRevLett.108.011103},
  adsurl        = {https://ui.adsabs.harvard.edu/abs/2012PhRvL.108a1103A},
  adsnote       = {Provided by the SAO/NASA Astrophysics Data System}
}

@inproceedings{DormanFunction1970,
  author    = {{Dorman}, L.~I. and {Fedchenko}, S.~G. and {Granitsky}, L.~V. and 
	{Rishe}, G.~A.},
  title     = {{Coupling and barometer coefficients for measurements of cosmic ray variations at altitudes of 260-400 mb}},
  booktitle = {International Cosmic Ray Conference},
  year      = 1970,
  volume    = 2,
  pages     = {233},
  adsurl    = {https://ui.adsabs.harvard.edu/abs/1970ICRC....2..233D},
  adsnote   = {Provided by the SAO/NASA Astrophysics Data System}
}


@article{orth1976secondary,
  title   = {Secondary cosmic-ray electrons and positrons from 1 to 100 GeV in the upper atmosphere and interstellar space, and interpretation of a recent positron flux measurement},
  author  = {Orth, CHARLES D and Buffington, ANDREW},
  journal = {The Astrophysical Journal},
  volume  = {206},
  pages   = {312--332},
  year    = {1976}
}

@article{atwater1986meson,
  title     = {Meson multiplicity versus energy in relativistic nucleus-nucleus collisions},
  author    = {Atwater, Thomas W and Freier, Phyllis S},
  journal   = {Physical review letters},
  volume    = {56},
  number    = {13},
  pages     = {1350},
  year      = {1986},
  publisher = {APS}
}


@article{amsler2008particle,
  title   = {Particle data group},
  author  = {Amsler, C and others},
  journal = {Phys. Lett. B},
  volume  = {667},
  number  = {1},
  year    = {2008}
}

@article{compton1937cosmic,
  title     = {Cosmic rays on the Pacific Ocean},
  author    = {Compton, Arthur Holly and Turner, RNs},
  journal   = {Physical Review},
  volume    = {52},
  number    = {8},
  pages     = {799},
  year      = {1937},
  publisher = {APS}
}

@article{morrison1958gamma,
  title     = {On gamma-ray astronomy},
  author    = {Morrison, Philip},
  journal   = {Il Nuovo Cimento (1955-1965)},
  volume    = {7},
  number    = {6},
  pages     = {858--865},
  year      = {1958},
  publisher = {Springer}
}

@article{sigl2012high,
  title   = {High energy neutrinos and cosmic rays},
  author  = {Sigl, Guenter},
  journal = {arXiv preprint arXiv:1202.0466},
  year    = {2012}
}

@article{baldini2014space,
  title   = {Space-Based Cosmic-Ray and Gamma-Ray Detectors: a Review},
  author  = {Baldini, Luca},
  journal = {arXiv preprint arXiv:1407.7631},
  year    = {2014}
}

@article{adriani2011pamela,
  title     = {PAMELA measurements of cosmic-ray proton and helium spectra},
  author    = {Adriani, O and Barbarino, GC and Bazilevskaya, GA and Bellotti, R and Boezio, M and Bogomolov, EA and Bonechi, L and Bongi, M and Bonvicini, V and Borisov, S and others},
  journal   = {Science},
  volume    = {332},
  number    = {6025},
  pages     = {69--72},
  year      = {2011},
  publisher = {American Association for the Advancement of Science}
}

@article{solidangle,
  author  = {A. {Van Oosterom} and J. {Strackee}},
  journal = {IEEE Transactions on Biomedical Engineering},
  title   = {The Solid Angle of a Plane Triangle},
  year    = {1983},
  volume  = {BME-30},
  number  = {2},
  pages   = {125-126}
}


@article{1929Natur123411S,
  author  = {{Skobeltzyn}, D.},
  title   = {{The Angular Distribution of Compton Recoil Electrons}},
  journal = {Nature},
  year    = 1929,
  month   = mar,
  volume  = {123},
  number  = {3098},
  pages   = {411-412},
  doi     = {10.1038/123411a0},
  adsurl  = {https://ui.adsabs.harvard.edu/abs/1929Natur.123..411S},
  adsnote = {Provided by the SAO/NASA Astrophysics Data System}
}
